<record><leader>00000cas a22000007a 4500</leader><controlfield tag="001">32766033</controlfield><controlfield tag="008">950705d1935193unmuwr ne      0    0eng d</controlfield><datafield ind1=" " ind2=" " tag="010"><subfield code="a">sn 95070575 </subfield></datafield><datafield ind1=" " ind2=" " tag="040"><subfield code="a">NVM</subfield><subfield code="b">eng</subfield><subfield code="c">NVM</subfield><subfield code="d">OCLCQ</subfield><subfield code="d">OCLCF</subfield><subfield code="d">OCLCO</subfield></datafield><datafield ind1="1" ind2=" " tag="029"><subfield code="a">AU@</subfield><subfield code="b">000011783109</subfield></datafield><datafield ind1=" " ind2=" " tag="042"><subfield code="a">msc</subfield></datafield><datafield ind1=" " ind2=" " tag="043"><subfield code="a">n-us-nm</subfield></datafield><datafield ind1="0" ind2="4" tag="245"><subfield code="a">The Farmington sentinel.</subfield></datafield><datafield ind1=" " ind2=" " tag="260"><subfield code="a">Farmington, San Juan County, N.M. :</subfield><subfield code="b">Stevens &amp; Muir</subfield></datafield><datafield ind1=" " ind2=" " tag="300"><subfield code="a">v.</subfield></datafield><datafield ind1=" " ind2=" " tag="310"><subfield code="a">Weekly</subfield></datafield><datafield ind1="0" ind2=" " tag="362"><subfield code="a">Vol. 10, no. 1 (Feb. 1, 1935)-</subfield></datafield><datafield ind1=" " ind2=" " tag="515"><subfield code="a">Suspended June 7-July 19, 1935.</subfield></datafield><datafield ind1=" " ind2="0" tag="651"><subfield code="a">Farmington (N.M.)</subfield><subfield code="v">Newspapers.</subfield></datafield><datafield ind1=" " ind2="0" tag="651"><subfield code="a">San Juan County (N.M.)</subfield><subfield code="v">Newspapers.</subfield></datafield><datafield ind1=" " ind2="7" tag="655"><subfield code="a">Newspapers.</subfield><subfield code="2">fast</subfield><subfield code="0">(OCoLC)fst01423814</subfield></datafield><datafield ind1=" " ind2="7" tag="651"><subfield code="a">New Mexico</subfield><subfield code="z">Farmington.</subfield><subfield code="2">fast</subfield><subfield code="0">(OCoLC)fst01212486</subfield></datafield><datafield ind1=" " ind2="7" tag="651"><subfield code="a">New Mexico</subfield><subfield code="z">San Juan County.</subfield><subfield code="2">fast</subfield><subfield code="0">(OCoLC)fst01214062</subfield></datafield><datafield ind1=" " ind2=" " tag="752"><subfield code="a">United States</subfield><subfield code="b">New Mexico</subfield><subfield code="c">San Juan</subfield><subfield code="d">Farmington.</subfield></datafield><datafield ind1="0" ind2="0" tag="780"><subfield code="t">Farmington republican</subfield><subfield code="w">(DLC)sn 95070574</subfield></datafield></record>